@misc{EC96,
  author =	 {{European Commission}},
  title =	 {Strategic Developments for the European Publishing
                  Industry towards the Year 2000 - Europe's Multimedia
                  Challenge},
  year =	 1996
}


@misc{ipdcforum_def,
  title =	 {About {IP} Datacasting - Overview},
  author =	 {{IPDC} Forum},
  year =     {2004},
  note =	 {{WWW} page of the IPDC Forum:
                  \url{http://www.bmcoforum.org/index.php?id=6}. Accessed
                   18 Feb 2004.}
}

@misc{Hankintaopas,
  author =	 {P. Karinkanta and A. Kontio and T. Krakau and T. Lahtinen and S. With},
  title =	 {Yrityksen hankintaopas},
  insitution =	 {{IETF}},
  year =	 2003,
  month =	 {},
  note =	 {}
}

@techreport{IDReqNom03,
  author =	 {Y. Nomura and R. Walsh and J. Ott and
                  H. Schulzrinne},
  title =	 {Protocol Requirements for Internet Media Guides},
  institution =	 {{IETF}},
  year =	 {2003},
  type =	 {Internet Draft},
  month =	 {Dec},
  note =	 {Work in progress. Expires June, 2004},
  description =	 {Now (Oct 2003) it seems as if the Electronic Service
                  Guide ESG used in IP Datacasting will be based on
                  IMG},
  abstract =	 {This memo specifies requirements for a protocol for
                  accessing and updating Internet Media Guide (IMG)
                  information for media-on-demand and multicast
                  applications. These requirements are designed to
                  guide development of an IMG protocol for efficient
                  and scalable delivery.},
  url =           {http://www.ietf.org/internet-drafts/draft-ietf-mmusic-img-req-02.txt}
}

@techreport{FerryProblem,
  author =	 {Mika G��s and Tuukka Haapasalo and Leo Moisio},
  title =	 {Finding Hard Instances of the Ferry Problem},
  institution =	{Aalto {SCI}},
  year =	 {2010},
  type =	 {Course Report for the course {T-79.5203/S-72.2420} {G}raph Theory}
}

@phdthesis{HaapasaloThesis,
  author    = {Tuukka Haapasalo},
  title     = {Accessing Multiversion Data in Database Transactions},
  year      = {2010},
  school    = {Department of Computer Science and Engineering, Aalto University School of Science and Technology, Espoo, Finland},
  note      = {\url{http://lib.tkk.fi/Diss/2010/isbn9789526033600/}}
}

@misc{ThesisInstructions,
  author =   {{Aalto-yliopisto, Degree programme of Computer Science and Engineering}},
  title =    {Instruction pages: Diplomity�},
  year =     {2010},
  note =     {\url{http://information.tkk.fi/fi/opinnot/tietotekniikka/diplomityo/} (in Finnish),
              \url{http://information.tkk.fi/en/studies/cse/thesis/} (in English). Accessed 9.2.2011}
}

@misc{ThesisGrading,
  author =	 {{Aalto University, Helsinki University of Technology, Committee on Academic Affairs}},
  title =	 {Guidelines for Master's Thesis Evaluation},
  month =	 {December 4},
  year =	 2008,
  note =          {\url{http://www.tkk.fi/fi/opinnot/opintohallinto/paatokset/guidelinemastersthesisevaluation.pdf}
                  (in English), \url{http://www.tkk.fi/fi/opinnot/opintohallinto/paatokset/diplomityoarviointiohje.pdf}
                  (in Finnish).}
}

@misc{TeXLive,
  author =   {{TeX Users Group}},
  title =    {{TeX Live}},
  year =     {2010},
  note =     {\url{http://www.tug.org/texlive/}. Accessed 25.2.2011.}
}

@misc{MiKTeX,
  author =   {{Christian Schenk}},
  title =    {{MiKTeX}},
  year =     {2010},
  note =     {\url{http://miktex.org/}. Accessed 25.2.2011.}
}


@misc{TeXlipse,
  author =   {Taavi Hupponen and Kimmo Karlsson and Jani Laitinen and Oskar Ojala and Antti Pirinen and Esa Seuranen and Laura Takkinen and von Loesch, Boris and Vestb�, Tor Arne},
  title =    {{TeXlipse plugin for {E}clipse}},
  year =     {2010},
  note =     {\url{http://texlipse.sourceforge.net/}. Accessed 25.2.2011.}
}

@misc{Eclipse,
  author =   {{The Eclipse Foundation}},
  title =    {{Eclipse}},
  year =     {2011},
  note =     {\url{http://eclipse.org/}. Accessed 25.2.2011.}
}



@Misc{bibinstructions,
  author =	 {{Aalto University Library}},
  title =	 {Making a bibliography},
  howpublished = {webpage},
  month =	 {March 2},
  year =	 2011,
  note =     {\url{http://otalib.aalto.fi/en/instructions/guides/citations/bibliography/}. Accessed
                  4.2.2011},
  annote =	 {Introduction how to make bibliography either with
                  Harvard or Vancouver style}
}

@Misc{EU2010,
  author =	 {{European Commission}},
  title =     {Evaluation of SMEs’ access to public procurement markets in the 
EU. Final report.},
  howpublished = {[Online]},
  month =	 {September},
  year =	 2010,
  note =	 {},
  annote =	 {\url{http://ec.europa.eu/enterprise/policies/sme/business-environment/files/smes_access_to_public_procurement_final_report_2010_en.pdf}. Accessed 19.7.2013}
}

% Multiversion B-tree (MVBT)
@article{vargolusch2004,
  author    = {Vargo, S. L. and Lusch, R. F.},
  title     = {{Evolving to a New Dominant Logic for Marketing}},
  journal   = {Journal of Marketing},
  volume    = 68,
  number    = 1,
  year      = 2004,
  pages     = {1--17}
}

@article{vargolusch2008a,
  author    = {Vargo, S. L. and Lusch, R. F.},
  title     = {{Service-dominant logic: continuing the evolution}},
  journal   = {Journal of the Academy of Marketing Science},
  volume    = 36,
  number    = 1,
  year      = 2008,
  pages     = {1--10}
}

@article{shostack1977,
  author    = {Shostack, G. L.},
  title     = {{Breaking free from Product Marketing}},
  journal   = {Journal of Marketing},
  volume    = 41,
  number    = 2,
  year      = 1977,
  pages     = {73--80}
}


% Transactional multiversion B-tree
@inproceedings{haapasalo:2009:tmvbt,
  author    = {Tuukka Haapasalo and Ibrahim Jaluta and Bernhard Seeger and Seppo Sippu and Eljas Soisalon-Soininen},
  title     = {Transactions on the multiversion {B$^+$}-tree},
  year      = {2009},
  booktitle = {Proceedings of the 12th Conference in Extending Database Technology},
  pages     = {1064--1075}
}
